@InProceedings{Talebi_2021_ICCV,
    author    = {Talebi, Hossein and Milanfar, Peyman},
    title     = {Learning To Resize Images for Computer Vision Tasks},
    booktitle = {Proceedings of the IEEE/CVF International Conference on Computer Vision (ICCV)},
    month     = {October},
    year      = {2021},
    pages     = {497-506}
}

@article{10.1371/journal.pone.0012620,
    doi = {10.1371/journal.pone.0012620},
    author = {Kochzius, Marc AND Seidel, Christian AND Antoniou, Aglaia AND Botla, Sandeep Kumar AND Campo, Daniel AND Cariani, Alessia AND Vazquez, Eva Garcia AND Hauschild, Janet AND Hervet, Caroline AND Hjörleifsdottir, Sigridur AND Hreggvidsson, Gudmundur AND Kappel, Kristina AND Landi, Monica AND Magoulas, Antonios AND Marteinsson, Viggo AND Nölte, Manfred AND Planes, Serge AND Tinti, Fausto AND Turan, Cemal AND Venugopal, Moleyur N. AND Weber, Hannes AND Blohm, Dietmar},
    journal = {PLOS ONE},
    publisher = {Public Library of Science},
    title = {Identifying Fishes through DNA Barcodes and Microarrays},
    year = {2010},
    month = {09},
    volume = {5},
    url = {https://doi.org/10.1371/journal.pone.0012620},
    pages = {1-15},
    number = {9},
}

@INPROCEEDINGS{9422058,
  author={Dong, Ke and Zhou, Chengjie and Ruan, Yihan and Li, Yuzhi},
  booktitle={2020 2nd International Conference on Information Technology and Computer Application (ITCA)}, 
  title={MobileNetV2 Model for Image Classification}, 
  year={2020},
  volume={},
  number={},
  pages={476-480},
  doi={10.1109/ITCA52113.2020.00106}
}

@inproceedings{ulucan2020large,
  title={A Large-Scale Dataset for Fish Segmentation and Classification},
  author={Ulucan, Oguzhan and Karakaya, Diclehan and Turkan, Mehmet},
  booktitle={2020 Innovations in Intelligent Systems and Applications Conference (ASYU)},
  pages={1--5},
  year={2020},
  organization={IEEE}
}